@article{jefferson-85,
    author = "D. Jefferson",
    title = "Virtual Time",
    journal = "ACM Transactions on Programming Languages and Systems",
    volume = "7",
    number = "3",
    pages = "405--425",
    month = jul,
    year = 1985
}

@book{os_concepts,
    author = "Avi Silberschatz and Peter Baer Galvin and Greg Gagne",
    title = "Operating System Concepts",
    edition = "8th",
    publisher = "John Wiley and Sons, Inc.",
    year = 2009
}

@misc{neuling_vid,
    author = "Michael Neuling",
    title = "What's the Deal with Hardware Transactional Memory?",
    organization = "linux.conf.au",
    year = 2014
}
%online video, not sure how to cite this

@article{fujimoto,
  author = "R. Fujimoto",
  title = "Parallel Discrete Event Simulation",
  journal = "Communications of the ACM",
  volume = "33",
  number = "10",
  pages = "30--53",
  month = oct,
  year = 1990
}

@manual{intel_prog_ref,
    title = "Intel Architecture Instruction Set Extensions Programmer Reference.
        Chapter 8: Intel Transactional Synchronization Extensions",
    url = "http://software.intel.com/sites/default/files/m/9/2/3/41604",
    month = feb,
    year = 2012
}

@manual{intel_opt_man,
    title = "Intel 64 and IA-32 Architectures Optimization Reference Manual.
        Chapter 12: Intel TSX Recommendations",
    url =
        "https://www.intel.com/content/wwww/us/en/architecture-and-technology/64-ia-32-architectures-optimization-manual.html",
    month = jul,
    year = 2013
}

@book{tm_2nd,
    author = "Tim Harris and James R. Laurus and Ravi Rajwar",
    title = "Transactional Memory",
    edition = "2nd",
    publisher = "Morgan and Claypool",
    year = 2010
}

@misc{tm_overview_schwahn,
    author = "Oliver Schwahn",
    title = "Transactional Memory: An Overview",
    year = 2011
} 
% not sure where this came from

@inproceedings{sle_rajwar,
    author = "Ravi Rajwar and James R. Goodman",
    title = "Speculative Lock Elision: Enabling Highly Concurrent Multithreaded
        Execution",
    booktitle = "Proceedings of the 34th Annual ACM/IEEE International Symposium
        on Microarchitecture ({MICRO-34})",
    pages = "294--305",
    year = 2001
}

@inproceedings{quake_stm,
    author = "Vladimir Gajinov and Ferad Zyulkyarov and Osman S, Unsal and
        Adrian Cristal and Eduard Ayguade and Tim Harris and Mateo Valero",
    title = "QuakeTM: Parallelizing a Complex Sequential Application Using
        Transactional Memory",
    booktitle = "Proceedings of the 23rd International Conference on
        Supercomputing ({ICS'09})",
    pages = "126--135",
    year = 2009
}

@inproceedings{stm_cascaval,
    author = "Calin Cascaval and Colin Blundell and Maged Michael and Harold W. Cain and
        Peng Wu and Stefanie Chiras and Siddhatha Chatterjee",
    title = "Software Transactional Memory: Why is it Only a Research Toy?",
    booktitle = "Communications of the ACM - Remembering Jim Gray",
    volume = 51,
    pages = "40--46",
    year = 2008
}

@inproceedings{blue_wang,
    author = "Amy Wang and Matthew Gaudet and Peng Wu and Jose Nelson Amaral and
        Martin Ohmacht and Christopher Barton and Raul Silvera and Maged
        Michael",
    title = "Evaluation of Blue Gener/Q Hardware Support for Transactional
        Memories",
    booktitle = "Proceedings of the 21st International Conference on Parallel
        Architectures and Compilation Techniques ({PACT-12})",
    pages = "127--136",
    year = 2012
}

@inproceedings{chung_amd,
    author = "Jaewoong Chung and Luke Yen and Stephan Diestelhorst and Martin
        Pohlack and Michael Hohmuth and Davide Christie and Dan Grossman",
    title = "ASF: AMD64 Extension for Lock-free Data Structures and
        Transactional Memory", booktitle = "MICRO",
    pages = "39--50",
    year = 2010
}

@inproceedings{rock_dice,
    author = "Dave Dice and Yossi Lev and Mark Moir and Dan Nussbaum",
    title =  "Early Experience with a Commercial Hardware Transactional Memory
        Implementation",
    booktitle = "Proceedings of the 14th International Conference on
        Architectural Support for Programming Languages and Operating Systems",
    pages = "157--168",
    year = 2009
}

@article{tang-05,
  author = "W. T. Tang and R. S M. Goh and I L-J. Thng",
  title = "Ladder Queue: An O(1) Priority Queue Structure for Large-Scale
                Discrete Event Simulation",
  journal = "ACM Transactions on Modeling and Computer Simulation",
  volume = 15,
  number = 3,                   
  pages = "175--204",
  month = jul,
  year = 2005
}

@misc{chitters_tsx,
    author = "Vamsi Chitters and Adam Midvidy and Jeff Tsui",
    title = "Reducing Synchronization Overhead Using Hardware Transactional
        Memory",
    year = 2013
}
%not sure where this came from

@inproceedings{wang_tsx,
    author = "Zhaoguo Wang and Hao Qian and Haibo Chen and Jinyang Li",
    title = "Opportunities and Pitfalls of Multi-core Scaling Using Hardware
        Transactional Memory",
    booktitle = "Proceedings of the 4th Asia-Pacific Workshop on Systems",
    year = 2013
}

@conference{young-98,
    author = "C. H. Young and N. B. Abu-Ghazaleh and P. A. Wilsey",
    title = "{OFC}: A {D}istributed {F}ossil-{C}ollection {A}lgorithm for
                  {T}ime-{W}arp", 
    booktitle = "12th International Symposium on Distributed Computing,
                 {DISC}'98 (formerly {WDAG})",
    month = sep,
    year = 1998
}

@inproceedings{yoo_tsx,
    author = "Richard M. Yoo and Christopher J. Hughes and Konrad Lai and Ravi
        Rajwar",
    title = "Performance Evaluation of Intel Transactional Synchronization
        Extensions for High-Performance Computing",
    booktitle = "Proceedings of the International Conference on High Performance
        Computing, Networking, Storage and Analysis",
    year = 2013
}

@manual{gcc,
    title = "Using the GNU Compiler Collection",
    author = "Richard M. Stallman and the GCC Developer Community",
    organization = "Free Software Foundation, Inc.",
    year = 2013
}

@misc{schwahn,
    author = "Transactional Memory: An Overview",
    title = "Oliver Schwahn",
    year = 2011
}

@conference{martin,
  author = "D. E. Martin and T. J. {McBrayer} and P. A. Wilsey",
  title = "WARPED: A Time Warp Simulation Kernel for Analysis
		  and Application Development",
  booktitle = "29th Hawaii International Conference on System
		  Sciences (HICSS-29)",
  editor = "H. {El-Rewini} and B. D. Shriver",
  volume = "Volume I",
  pages = "383--386",
  month = jan,
  year = 1996
}

@inproceedings{dickman,
    author = "Tom Dickman and Sounak Gupta and Philip A. Wilsey",
    title = "Event Pool Structures for PDES on Many-Core Beowulf Clusters",
    booktitle = "Proceedings of the 2013 ACM SIGSIM Conference on Principles of
        Advanced Discrete Simulation",
    pages = "103--114",
    year = 2013
}

@mastersthesis{muthalagu,
  author = "K. Muthalagu",
  title = "Threaded Warped: An Optimistic Parallel Discrete Event Simulator for
                Clusters fo Multi-Core Machines",
  school = "School of Electronic and Computing Systems, University of Cincinnati",
  address = "Cincinnati, OH",
  month = nov,
  year = 2012
}

@mastersthesis{hay-14,
  author = "J. Hay",
  title = "Experiments with Hardware-based Transactional Memory in Parallel Simulation",
  school = "School of Electronic and Computing Systems, University of Cincinnati",
  address = "Cincinnati, OH",
  month = jun,
  year = 2014
}

@inproceedings{twpes,
    author = "Robert Ronngren and Rassul Ayani and Richard M. Fujimoto and Samir
        R. Das",
    title = "Efficient Implementation of Event Sets in Time Warp",
    booktitle = "Proceedings of the Seventh Workshop on Parallel and Distributed
        Simulation",
    pages = "101--108",
    year = 1993
}

@mastersthesis{dickman_thesis,
    author = "Thomas J. Dickman",
    title = "Event List Organization and Management on the NOdes of a Many-Core
        Beowulf Cluster",
    school = "University of Cincinnati",
    year = 2013
}

@article{epidemic,
    author = "Kalyan S. Perumalla and Sudip K. Seal",
    title = "Discrete Event Modeling and Massively Parallel Execution of
        Epidemic Outbreak Phenomena",
    journal = "Simulation",
    volume = 88,
    year = 2012
}

@misc{des_misra,
    author = "Jayadev Misra",
    title = "Distributed Discrete-Event Simulation",
    journal = "ACM Computing Surveys",
    year = 1986,
    volume = 18,
    pages = "39--65"
}

@inproceedings{numa,
    author = "Jingjing Wang and Nael Abu-Ghazaleh and Dmitry Ponomarev",
    title = "Interference Resilient PDES on Multi-core Systems: Towards
        Proportional Slowdown",
    booktitle = "Proceedings of the 2013 ACM SIGSIM Conference on Principles of
        Advanced Discrete Simulation",
    pages = "115--126",
    year = 2013
}

@techreport{redblack,
    author = "Sabine Hanke",
    title = "The Performance of Concurrent Red-Black Tree Algorithms",
    institution = "Institut fur Informatik, Universitat Freiburg",
    year = 1998 
}

@article{splaytree,
    author = "Daniel Dominic Sleator and Robert Endre Tarjan",
    title = "Self-Adjusting Binary Trees",
    journal = "Journal of the ACM",
    volume = 32,
    number = 3,
    pages = "652--686",
    year =  1985
}
    
